date,sales
10/1/2013,123.65499
10/2/2013,125.455
10/3/2013,108.58483
10/4/2013,118.67466
10/5/2013,121.33866
10/6/2013,120.65533
10/7/2013,121.795
10/8/2013,123.033
10/9/2013,124.049
10/10/2013,125.96116
10/11/2013,125.27966
10/12/2013,125.9275
10/13/2013,126.38333
10/14/2013,135.24199
10/15/2013,133.20333
10/16/2013,142.76333
10/17/2013,137.92333
10/18/2013,142.95166
10/19/2013,152.55183
10/20/2013,160.33883
10/21/2013,164.31499
10/22/2013,177.63333
10/23/2013,188.29716
10/24/2013,200.70166
10/25/2013,180.355
10/26/2013,175.03166
10/27/2013,177.6965
10/28/2013,187.15983
10/29/2013,192.75666
10/30/2013,197.4
10/31/2013,196.02499
11/1/2013,198.04883
11/2/2013,198.93233
11/3/2013,200.543
11/4/2013,210.3075
11/5/2013,225.02
11/6/2013,248.25333
11/7/2013,262.32666
11/8/2013,294.48699
11/9/2013,331.10325
11/10/2013,285.8875
11/11/2013,304.97974
11/12/2013,338.137
11/13/2013,357.48
11/14/2013,402.954
11/15/2013,409.10375
11/16/2013,420.21649
11/17/2013,437.29725
11/18/2013,510.6025
11/19/2013,693.65
11/20/2013,531.54249
11/21/2013,574.71599
11/22/2013,681.33
11/23/2013,774.18
11/24/2013,746.19374
11/25/2013,768.8475
11/26/2013,789.36475
11/27/2013,893.1815
11/28/2013,934.355
11/29/2013,1068.363
11/30/2013,1154.92593
12/1/2013,1099.51926
12/2/2013,1019.78966
12/3/2013,1028.845
12/4/2013,1071.2848
12/5/2013,1139.33083
12/6/2013,1004.61633
12/7/2013,759.43041
12/8/2013,689.81
12/9/2013,841.83966
12/10/2013,916.77599
12/11/2013,967.42866
12/12/2013,866.29003
12/13/2013,911.23204
12/14/2013,889.81946
12/15/2013,848.9975
12/16/2013,868.95316
12/17/2013,653.80483
12/18/2013,654.06266
12/19/2013,553.69166
12/20/2013,693.05883
12/21/2013,649.38965
12/22/2013,595.95883
12/23/2013,647.68316
12/24/2013,671.58116
12/25/2013,659.84333
12/26/2013,702.00083
12/27/2013,758.01016
12/28/2013,734.01166
12/29/2013,717.92623
12/30/2013,752.82022
12/31/2013,744.17249
1/1/2014,768.40783
1/2/2014,769.09849
1/3/2014,804.02719
1/4/2014,813.31748
1/5/2014,871.11583
1/6/2014,970.65083
1/7/2014,962.46447
1/8/2014,855.75933
1/9/2014,860.84166
1/10/2014,847.5325
1/11/2014,892.26115
1/12/2014,916.69666
1/13/2014,873.27168
1/14/2014,863.69888
1/15/2014,853.25666
1/16/2014,874.07416
1/17/2014,842.19173
1/18/2014,834.86666
1/19/2014,838.42916
1/20/2014,881.87583
1/21/2014,873.28916
1/22/2014,874.13266
1/23/2014,864.56116
1/24/2014,838.14997
1/25/2014,834.57416
1/26/2014,858.12641
1/27/2014,887.08337
1/28/2014,830.53133
1/29/2014,832.89496
1/30/2014,832.87399
1/31/2014,841.48914
2/1/2014,847.36383
2/2/2014,854.7225
2/3/2014,856.03366
2/4/2014,847.70697
2/5/2014,844.28836
2/6/2014,802.75333
2/7/2014,748.43559
2/8/2014,692.66914
2/9/2014,668.86463
2/10/2014,700.44843
2/11/2014,694.3125
2/12/2014,665.7975
2/13/2014,645.615
2/14/2014,578.4125
2/15/2014,641.91
2/16/2014,656.2725
2/17/2014,611.04499
2/18/2014,634.99
2/19/2014,618.79
2/20/2014,619.8425
2/21/2014,545.7625
2/22/2014,561.535
2/23/2014,622.22
2/24/2014,572.7675
2/25/2014,501.155
2/26/2014,550.6025
2/27/2014,573.1025
2/28/2014,567.2925
3/1/2014,551.73
3/2/2014,560.195
3/3/2014,567.7
3/4/2014,666.1475
3/5/2014,660.84
3/6/2014,662.0225
3/7/2014,651.285
3/8/2014,612.33
3/9/2014,611.1625
3/10/2014,637.615
3/11/2014,626
3/12/2014,633.74749
3/13/2014,631.755
3/14/2014,636.41414
3/15/2014,628.18751
3/16/2014,632.95333
3/17/2014,630.34833
3/18/2014,617.24333
3/19/2014,616.86665
3/20/2014,601.015
3/21/2014,581.33333
3/22/2014,570.36168
3/23/2014,562.95333
3/24/2014,557.16833
3/25/2014,573.34998
3/26/2014,572.49161
3/27/2014,570.54833
3/28/2014,509.70665
3/29/2014,499.24998
3/30/2014,486.80845
3/31/2014,472.4783
4/1/2014,464.88
4/2/2014,480.16581
4/3/2014,427.87498
4/4/2014,432.99716
4/5/2014,453.87148
4/6/2014,462.445
4/7/2014,456.46948
4/8/2014,452.81
4/9/2014,450.48083
4/10/2014,426.98333
4/11/2014,374.59166
4/12/2014,438.24666
4/13/2014,423.51566
4/14/2014,409.03166
4/15/2014,455.28316
4/16/2014,517.09666
4/17/2014,522.455
4/18/2014,490.8785
4/19/2014,469.38332
4/20/2014,507.80663
4/21/2014,505.09665
4/22/2014,497.65001
4/23/2014,487.84
4/24/2014,487.11333
4/25/2014,469.08816
4/26/2014,448.77834
4/27/2014,452.14829
4/28/2014,426.78166
4/29/2014,432.60498
4/30/2014,444.85668
5/1/2014,454.55666
5/2/2014,453.59833
5/3/2014,441.97833
5/4/2014,438.29035
5/5/2014,432.78748
5/6/2014,418.61831
5/7/2014,428.42593
5/8/2014,442.57666
5/9/2014,439.04
5/10/2014,449.04333
5/11/2014,449.74166
5/12/2014,434.27
5/13/2014,437
5/14/2014,438.88
5/15/2014,445.045
5/16/2014,443.18
5/17/2014,445.60666
5/18/2014,445.15666
5/19/2014,444.73833
5/20/2014,455.65333
5/21/2014,489.86999
5/22/2014,490.18666
5/23/2014,522.31
5/24/2014,512.30833
5/25/2014,533.92999
5/26/2014,579.59333
5/27/2014,581.51
5/28/2014,572.44833
5/29/2014,562.4
5/30/2014,571.845
5/31/2014,612.12666
6/1/2014,638.16333
6/2/2014,634.98333
6/3/2014,660.24666
6/4/2014,627.79833
6/5/2014,642.89166
6/6/2014,652.52666
6/7/2014,648.60166
6/8/2014,652.59166
6/9/2014,652.11
6/10/2014,644.085
6/11/2014,642.00666
6/12/2014,632.55
6/13/2014,585.48333
6/14/2014,588.52333
6/15/2014,570.28833
6/16/2014,589.06666
6/17/2014,592.25666
6/18/2014,610.41333
6/19/2014,601.88666
6/20/2014,594.09333
6/21/2014,582.04499
6/22/2014,599.57
6/23/2014,592.405
6/24/2014,584.64166
6/25/2014,575.905
6/26/2014,571.76666
6/27/2014,582.43166
6/28/2014,597.66833
6/29/2014,598.73333
6/30/2014,597.51333
7/1/2014,647.12249
7/2/2014,637.85625
7/3/2014,642.65125
7/4/2014,643.95124
7/5/2014,628.41625
7/6/2014,631.03
7/7/2014,631.29875
7/8/2014,621.24249
7/9/2014,620.72
7/10/2014,621.3075
7/11/2014,616.83124
7/12/2014,634.35749
7/13/2014,627.69
7/14/2014,621.42499
7/15/2014,618.73875
7/16/2014,619.8075
7/17/2014,614.68875
7/18/2014,623.49749
7/19/2014,623.99625
7/20/2014,623.00625
7/21/2014,617.96124
7/22/2014,622.10749
7/23/2014,618.4475
7/24/2014,617.6875
7/25/2014,602.93125
7/26/2014,597.585
7/27/2014,592.96375
7/28/2014,580.11
7/29/2014,585.44875
7/30/2014,580.5175
7/31/2014,564.57
8/1/2014,583.39
8/2/2014,593.80625
8/3/2014,581.52
8/4/2014,585.80125
8/5/2014,582.33375
8/6/2014,582.52125
8/7/2014,583.62375
8/8/2014,595.80875
8/9/2014,585.39625
8/10/2014,586.05875
8/11/2014,588.7525
8/12/2014,566.31625
8/13/2014,565.55125
8/14/2014,534.54
8/15/2014,511.4725
8/16/2014,487.56625
8/17/2014,516.62625
8/18/2014,489.4675
8/19/2014,455.91625
8/20/2014,472.91
8/21/2014,519.015
8/22/2014,508.12875
8/23/2014,507.51
8/24/2014,501.63125
8/25/2014,503.32125
8/26/2014,504.62625
8/27/2014,513.39125
8/28/2014,514.62375
8/29/2014,506.025
8/30/2014,504.70625
8/31/2014,502.055
9/1/2014,474.5425
9/2/2014,477.98375
9/3/2014,476.88375
9/4/2014,475.65
9/5/2014,485.65125
9/6/2014,480.9075
9/7/2014,481.88375
9/8/2014,473.58625
9/9/2014,468.5775
9/10/2014,474.29125
9/11/2014,479.4175
9/12/2014,473.6725
9/13/2014,471.5325
9/14/2014,475.37875
9/15/2014,475.02125
9/16/2014,471.08375
9/17/2014,464.55375
9/18/2014,449.95875
9/19/2014,425.4475
9/20/2014,410.08
9/21/2014,405.79625
9/22/2014,399.0975
9/23/2014,399.5025
9/24/2014,427.8125
9/25/2014,416.12
9/26/2014,410.15
9/27/2014,403.4975
9/28/2014,398.84
9/29/2014,377.97875
9/30/2014,376.08375
10/1/2014,387.94
10/2/2014,381.7475
10/3/2014,372.0575
10/4/2014,360.7525
10/5/2014,335.98125
10/6/2014,308.07875
10/7/2014,337.23375
10/8/2014,326.2325
10/9/2014,351.34625
10/10/2014,368.59625
10/11/2014,359.2025
10/12/2014,356.99875
10/13/2014,371.15625
10/14/2014,392.7825
10/15/2014,396.34625
10/16/2014,392.56625
10/17/2014,376.26875
10/18/2014,378.675
10/19/2014,390.95875
10/20/2014,381.72375
10/21/2014,380.0575
10/22/2014,382.93875
10/23/2014,376.59
10/24/2014,351.7825
10/25/2014,353.6325
10/26/2014,345.1925
10/27/2014,350.9775
10/28/2014,349.79625
10/29/2014,348.9025
10/30/2014,335.53625
10/31/2014,343.55875
11/1/2014,338.0105
11/2/2014,325.22633
11/3/2014,331.60083
11/4/2014,324.71833
11/5/2014,332.45666
11/6/2014,336.585
11/7/2014,346.775
11/8/2014,344.81166
11/9/2014,343.065
11/10/2014,358.50166
11/11/2014,368.07666
11/12/2014,376.99666
11/13/2014,442.10666
11/14/2014,389.00333
11/15/2014,394.92666
11/16/2014,377.08
11/17/2014,400.47166
11/18/2014,384.93
11/19/2014,375.83333
11/20/2014,376.16
11/21/2014,348.565
11/22/2014,352.42
11/23/2014,356.8
11/24/2014,367.83
11/25/2014,381.20666
11/26/2014,375.498
11/27/2014,372.819
11/28/2014,368.983
11/29/2014,375.44
11/30/2014,376.851
12/1/2014,376.13218
12/2/2014,377.862
12/3/2014,382.452
12/4/2014,376.382
12/5/2014,368.3618
12/6/2014,373.414
12/7/2014,373.744
12/8/2014,373.155
12/9/2014,357.884
12/10/2014,348.898
12/11/2014,341.041
12/12/2014,348.272
12/13/2014,346.742
12/14/2014,347.348
12/15/2014,348.674
12/16/2014,338.547
12/17/2014,330.536
12/18/2014,317.405
12/19/2014,306.45999
12/20/2014,319.196
12/21/2014,321.89299
12/22/2014,320.03499
12/23/2014,328.701
12/24/2014,332.053
12/25/2014,321.386
12/26/2014,318.563
12/27/2014,320.868
12/28/2014,316.009
12/29/2014,315.64
12/30/2014,313.994
12/31/2014,309.903
1/1/2015,317.204
1/2/2015,314.49899
1/3/2015,311.14099
1/4/2015,277.853
1/5/2015,270.813
1/6/2015,272.0175
1/7/2015,283.84125
1/8/2015,290.485
1/9/2015,281.03625
1/10/2015,286.688
1/11/2015,277.64999
1/12/2015,268.10199
1/13/2015,243.081
1/14/2015,219.128
1/15/2015,193.3511
1/16/2015,220.5745
1/17/2015,209.1655
1/18/2015,195.59467
1/19/2015,212.2711
1/20/2015,211.5401
1/21/2015,212.28249
1/22/2015,230.6754
1/23/2015,226.30419
1/24/2015,231.4242
1/25/2015,251.606
1/26/2015,283.59769
1/27/2015,258.5374
1/28/2015,257.447
1/29/2015,235.948
1/30/2015,233.141
1/31/2015,226.94116
2/1/2015,216.66066
2/2/2015,229.80441
2/3/2015,237.65175
2/4/2015,225.83858
2/5/2015,226.554
2/6/2015,219.75625
2/7/2015,225.46666
2/8/2015,225.73291
2/9/2015,222.78408
2/10/2015,220.16725
2/11/2015,223.00366
2/12/2015,218.72833
2/13/2015,223.96716
2/14/2015,237.65716
2/15/2015,256.21758
2/16/2015,230.1355
2/17/2015,235.71275
2/18/2015,242.93183
2/19/2015,237.1035
2/20/2015,241.07183
2/21/2015,245.70566
2/22/2015,245.145
2/23/2015,235.14141
2/24/2015,238.93183
2/25/2015,238.15225
2/26/2015,235.67716
2/27/2015,251.28908
2/28/2015,251.03416
3/1/2015,251.9314
3/2/2015,258.8485
3/3/2015,270.7625
3/4/2015,278.1172
3/5/2015,269.2606
3/6/2015,274.8977
3/7/2015,270.86109
3/8/2015,276.72789
3/9/2015,277.98519
3/10/2015,294.1886
3/11/2015,289.7149
3/12/2015,292.8678
3/13/2015,293.224
3/14/2015,282.644
3/15/2015,283.0809
3/16/2015,290.61579
3/17/2015,290.542
3/18/2015,283.7507
3/19/2015,252.44789
3/20/2015,263.4741
3/21/2015,259.913
3/22/2015,259.3943
3/23/2015,267.5549
3/24/2015,265.273
3/25/2015,246.6733
3/26/2015,245.6489
3/27/2015,246.5497
3/28/2015,248.4467
3/29/2015,246.728
3/30/2015,245.1133
3/31/2015,247.2639
4/1/2015,243.3028
4/2/2015,246.96
4/3/2015,252.0578
4/4/2015,253.4334
4/5/2015,252.0256
4/6/2015,260.3589
4/7/2015,252.0909
4/8/2015,252.8629
4/9/2015,244.0449
4/10/2015,240.9478
4/11/2015,236.4388
4/12/2015,236.5542
4/13/2015,235.522
4/14/2015,222.6009
4/15/2015,220.9126
4/16/2015,226.0171
4/17/2015,227.9255
4/18/2015,223.317
4/19/2015,223.4062
4/20/2015,223.9214
4/21/2015,224.9815
4/22/2015,235.50369
4/23/2015,234.15749
4/24/2015,233.40079
4/25/2015,228.92379
4/26/2015,219.94549
4/27/2015,219.19029
4/28/2015,227.3867
4/29/2015,225.3545
4/30/2015,225.9976
5/1/2015,236.6827
5/2/2015,233.8511
5/3/2015,236.2378
5/4/2015,240.3646
5/5/2015,235.6033
5/6/2015,235.6017
5/7/2015,230.4207
5/8/2015,237.059
5/9/2015,244.6989
5/10/2015,241.516
5/11/2015,239.4036
5/12/2015,240.00079
5/13/2015,241.3529
5/14/2015,235.5478
5/15/2015,237.5737
5/16/2015,236.657
5/17/2015,236.339
5/18/2015,236.2319
5/19/2015,233.3119
5/20/2015,232.7193
5/21/2015,234.204
5/22/2015,235.86329
5/23/2015,240.1588
5/24/2015,239.7985
5/25/2015,240.9415
5/26/2015,237.6588
5/27/2015,237.1844
5/28/2015,237.6708
5/29/2015,237.2277
5/30/2015,236.1404
5/31/2015,233.3328
6/1/2015,230.8331
6/2/2015,223.415
6/3/2015,226.6168
6/4/2015,225.444
6/5/2015,223.9665
6/6/2015,224.2525
6/7/2015,225.8403
6/8/2015,223.69459
6/9/2015,228.1884
6/10/2015,229.2025
6/11/2015,229.9599
6/12/2015,229.9082
6/13/2015,230.6695
6/14/2015,233.1445
6/15/2015,234.7473
6/16/2015,237.39899
6/17/2015,248.7435
6/18/2015,247.2359
6/19/2015,249.0733
6/20/2015,240.7897
6/21/2015,244.15625
6/22/2015,244.9588
6/23/2015,247.1273
6/24/2015,243.371
6/25/2015,240.9204
6/26/2015,242.31912
6/27/2015,242.28812
6/28/2015,250.382
6/29/2015,249.42725
6/30/2015,258.38549
7/1/2015,261.71749
7/2/2015,259.62937
7/3/2015,255.52675
7/4/2015,253.87887
7/5/2015,261.42899
7/6/2015,267.60762
7/7/2015,270.07587
7/8/2015,264.356
7/9/2015,267.943
7/10/2015,269.24925
7/11/2015,286.53662
7/12/2015,301.03837
7/13/2015,304.9905
7/14/2015,290.93137
7/15/2015,288.48787
7/16/2015,287.55762
7/17/2015,276.97924
7/18/2015,278.33337
7/19/2015,275.30687
7/20/2015,274.28387
7/21/2015,279.45925
7/22/2015,274.87242
7/23/2015,276.2095
7/24/2015,276.24491
7/25/2015,287.55583
7/26/2015,287.83983
7/27/2015,291.20091
7/28/2015,293.15058
7/29/2015,292.99425
7/30/2015,288.61658
7/31/2015,286.74491
8/1/2015,282.33741
8/2/2015,278.68258
8/3/2015,279.48591
8/4/2015,283.49091
8/5/2015,284.24366
8/6/2015,280.9375
8/7/2015,275.92866
8/8/2015,278.2765
8/9/2015,261.75225
8/10/2015,265.0825
8/11/2015,264.87516
8/12/2015,270.22325
8/13/2015,264.14299
8/14/2015,262.01758
8/15/2015,265.3955
8/16/2015,261.20058
8/17/2015,258.0065
8/18/2015,256.44841
8/19/2015,230.38424
8/20/2015,232.06483
8/21/2015,234.56375
8/22/2015,233.03691
8/23/2015,231.21275
8/24/2015,227.23233
8/25/2015,203.18133
8/26/2015,219.81583
8/27/2015,224.53608
8/28/2015,224.18875
8/29/2015,230.93575
8/30/2015,230.58541
8/31/2015,227.18083
9/1/2015,229.02966
9/2/2015,226.28841
9/3/2015,228.35299
9/4/2015,227.14741
9/5/2015,229.66691
9/6/2015,240.70116
9/7/2015,239.88
9/8/2015,242.01891
9/9/2015,244.31383
9/10/2015,237.99466
9/11/2015,240.56366
9/12/2015,239.81675
9/13/2015,235.053
9/14/2015,229.15808
9/15/2015,230.51091
9/16/2015,230.98066
9/17/2015,229.58975
9/18/2015,233.2385
9/19/2015,232.50008
9/20/2015,231.33733
9/21/2015,230.75433
9/22/2015,227.79358
9/23/2015,231.30983
9/24/2015,231.09508
9/25/2015,233.74475
9/26/2015,234.92466
9/27/2015,234.32908
9/28/2015,237.21116
9/29/2015,238.56625
9/30/2015,238.06125
10/1/2015,237.15191
10/2/2015,238.06358
10/3/2015,237.63516
10/4/2015,238.99883
10/5/2015,238.82433
10/6/2015,240.63075
10/7/2015,246.49633
10/8/2015,244.49816
10/9/2015,243.25675
10/10/2015,244.96533
10/11/2015,245.07
10/12/2015,247.65041
10/13/2015,244.57641
10/14/2015,249.45908
10/15/2015,254.64216
10/16/2015,255.72741
10/17/2015,267.53983
10/18/2015,270.04041
10/19/2015,264.98625
10/20/2015,264.92575
10/21/2015,270.49541
10/22/2015,267.46908
10/23/2015,274.25325
10/24/2015,279.97908
10/25/2015,286.86941
10/26/2015,284.286
10/27/2015,287.83091
10/28/2015,300.53566
10/29/2015,304.32691
10/30/2015,326.55691
10/31/2015,327.58425
11/1/2015,311.70274
11/2/2015,325.64666
11/3/2015,369.51133
11/4/2015,432.46133
11/5/2015,434.31683
11/6/2015,359.586
11/7/2015,377.64099
11/8/2015,387.775
11/9/2015,370.652
11/10/2015,376.948
11/11/2015,311.702
11/12/2015,320.036
11/13/2015,337.893
11/14/2015,334.125
11/15/2015,333.951
11/16/2015,320.06
11/17/2015,337.759
11/18/2015,333.33299
11/19/2015,334.02499
11/20/2015,315.63099
11/21/2015,321.482
11/22/2015,326.365
11/23/2015,322.606
11/24/2015,320.993
11/25/2015,318.337
11/26/2015,332.471
11/27/2015,349.138
11/28/2015,354.954
11/29/2015,356.806
11/30/2015,375.204
12/1/2015,377.798
12/2/2015,352.128
12/3/2015,366.788
12/4/2015,358.443
12/5/2015,369.956
12/6/2015,394.861
12/7/2015,391.618
12/8/2015,395.59299
12/9/2015,421.424
12/10/2015,415.076
12/11/2015,421.813
12/12/2015,467.831
12/13/2015,435.091
12/14/2015,437.021
12/15/2015,453.676
12/16/2015,445.805
12/17/2015,451.102
12/18/2015,456.425
12/19/2015,464.218
12/20/2015,460.238
12/21/2015,435.64099
12/22/2015,438.276
12/23/2015,437.994
12/24/2015,456.572
12/25/2015,455.743
12/26/2015,447.606
12/27/2015,419.338
12/28/2015,427.817
12/29/2015,422.741
12/30/2015,431.029
12/31/2015,424.962
1/1/2016,432.358
1/2/2016,433.773
1/3/2016,431.985
1/4/2016,431.691
1/5/2016,433.732
1/6/2016,427.164
1/7/2016,441.021
1/8/2016,457.168
1/9/2016,452.368
1/10/2016,445.327
1/11/2016,450.312
1/12/2016,446.614
1/13/2016,431.156
1/14/2016,431.41
1/15/2016,416.29
1/16/2016,372.737
1/17/2016,383.138
1/18/2016,380.817
1/19/2016,382.738
1/20/2016,378.775
1/21/2016,417.439
1/22/2016,403.271
1/23/2016,388.219
1/24/2016,388.538
1/25/2016,397.885
1/26/2016,390.715
1/27/2016,392.389
1/28/2016,381.356
1/29/2016,369.133
1/30/2016,376.952
1/31/2016,378.174
2/1/2016,372.157
2/2/2016,372.453
2/3/2016,372.762
2/4/2016,370.433
2/5/2016,386.954
2/6/2016,377.889
2/7/2016,376.44
2/8/2016,376.924
2/9/2016,372.434
2/10/2016,374.764
2/11/2016,379.186
2/12/2016,378.576
2/13/2016,388.87
2/14/2016,397.23
2/15/2016,405.621
2/16/2016,401.663
2/17/2016,407.017
2/18/2016,417.492
2/19/2016,421.956
2/20/2016,422.054
2/21/2016,439.61
2/22/2016,436.14
2/23/2016,438.745
2/24/2016,419.896
2/25/2016,422.617
2/26/2016,421.244
2/27/2016,433.401
2/28/2016,425.502
2/29/2016,438.28
3/1/2016,436.426
3/2/2016,434.001
3/3/2016,419.254
3/4/2016,421.597
3/5/2016,407.722
3/6/2016,397.883
3/7/2016,407.276
3/8/2016,414.213
3/9/2016,410.739
3/10/2016,411.672
3/11/2016,416.708
3/12/2016,415.04
3/13/2016,411.637
3/14/2016,414.208
3/15/2016,416.034
3/16/2016,414.167
3/17/2016,417.138
3/18/2016,417.154
3/19/2016,407.473
3/20/2016,409.24
3/21/2016,407.496
3/22/2016,415.125
3/23/2016,417.318
3/24/2016,415.837
3/25/2016,414.75699
3/26/2016,416.851
3/27/2016,416.233
3/28/2016,424.297
3/29/2016,423.597
3/30/2016,414.613
3/31/2016,414.458
4/1/2016,416.012
4/2/2016,418.785
4/3/2016,418.93999
4/4/2016,418.593
4/5/2016,422.044
4/6/2016,422.29499
4/7/2016,420.553
4/8/2016,421.616
4/9/2016,415.751
4/10/2016,418.078
4/11/2016,421.192
4/12/2016,426.383
4/13/2016,426.84399
4/14/2016,425.494
4/15/2016,426.279
4/16/2016,429.775
4/17/2016,430.453
4/18/2016,429.318
4/19/2016,428.522
4/20/2016,435.926
4/21/2016,443.758
4/22/2016,446.776
4/23/2016,447.233
4/24/2016,455.152
4/25/2016,458.626
4/26/2016,464.429
4/27/2016,466.064
4/28/2016,441.304
4/29/2016,446.236
4/30/2016,454.375
5/1/2016,449.108
5/2/2016,453.067
5/3/2016,443.681
5/4/2016,449.157
5/5/2016,447.73999
5/6/2016,447.58599
5/7/2016,458.864
5/8/2016,459.937
5/9/2016,458.708
5/10/2016,460.954
5/11/2016,454.39399
5/12/2016,451.155
5/13/2016,453.701
5/14/2016,456.039
5/15/2016,456.093
5/16/2016,457.64099
5/17/2016,454.278
5/18/2016,454.064
5/19/2016,453.494
5/20/2016,440.231
5/21/2016,442.953
5/22/2016,442.892
5/23/2016,440.551
5/24/2016,444.489
5/25/2016,447.035
5/26/2016,448.278
5/27/2016,467.262
5/28/2016,489.847
5/29/2016,516.051
5/30/2016,529.917
5/31/2016,537.23299
6/1/2016,528.04999
6/2/2016,538.568
6/3/2016,537.185
6/4/2016,571.139
6/5/2016,579.343
6/6/2016,578.84899
6/7/2016,585.399
6/8/2016,576.226
6/9/2016,580.43599
6/10/2016,574.953
6/11/2016,583.87
6/12/2016,633.205
6/13/2016,682.226
6/14/2016,695.155
6/15/2016,685.442
6/16/2016,732.357
6/17/2016,773.25
6/18/2016,736.386
6/19/2016,747.831
6/20/2016,758.903
6/21/2016,702.696
6/22/2016,657.013
6/23/2016,581.249
6/24/2016,657.08999
6/25/2016,687.168
6/26/2016,657.22399
6/27/2016,644.091
6/28/2016,655.94399
6/29/2016,634.357
6/30/2016,635.093
7/1/2016,683.293
7/2/2016,678.567
7/3/2016,690.179
7/4/2016,670.741
7/5/2016,679.351
7/6/2016,676.872
7/7/2016,671.814
7/8/2016,640.476
7/9/2016,654.85299
7/10/2016,649.356
7/11/2016,656.747
7/12/2016,648.136
7/13/2016,663.443
7/14/2016,654.018
7/15/2016,663.638
7/16/2016,666.56499
7/17/2016,665.113
7/18/2016,681.239
7/19/2016,673.832
7/20/2016,673.008
7/21/2016,662.034
7/22/2016,666.747
7/23/2016,654.725
7/24/2016,654.895
7/25/2016,660.284
7/26/2016,655.418
7/27/2016,650.82899
7/28/2016,656.91599
7/29/2016,655.427
7/30/2016,656.681
7/31/2016,635.588
8/1/2016,621.37299
8/2/2016,601.227
8/3/2016,555.926
8/4/2016,578.52374
8/5/2016,570.33875
8/6/2016,574.87375
8/7/2016,588.51625
8/8/2016,589.66125
8/9/2016,586.715
8/10/2016,585.23875
8/11/2016,594.81625
8/12/2016,581.9625
8/13/2016,584.87375
8/14/2016,581.65
8/15/2016,571.9625
8/16/2016,567.60749
8/17/2016,575.54125
8/18/2016,572.37249
8/19/2016,573.01625
8/20/2016,573.08
8/21/2016,581.35375
8/22/2016,579.6675
8/23/2016,585.5075
8/24/2016,577.98749
8/25/2016,574.5825
8/26/2016,575.0625
8/27/2016,575.3425
8/28/2016,568.78875
8/29/2016,574.49749
8/30/2016,571.94125
8/31/2016,573.78125
9/1/2016,572.96
9/2/2016,570.1
9/3/2016,572.52125
9/4/2016,596.45375
9/5/2016,606.0525
9/6/2016,604.465
9/7/2016,609.4325
9/8/2016,613.67499
9/9/2016,623.6
9/10/2016,620.59875
9/11/2016,622.03375
9/12/2016,604.8275
9/13/2016,607.03625
9/14/2016,606.885
9/15/2016,606.8975
9/16/2016,605.52125
9/17/2016,606.04625
9/18/2016,605.08
9/19/2016,609.37249
9/20/2016,606.7175
9/21/2016,595.93375
9/22/2016,596.225
9/23/2016,595.0175
9/24/2016,602.4075
9/25/2016,601.36875
9/26/2016,598.9075
9/27/2016,605.0175
9/28/2016,602.885
9/29/2016,603.58124
9/30/2016,604.52125
10/1/2016,610.58375
10/2/2016,613.23749
10/3/2016,611.88874
10/4/2016,609.495
10/5/2016,608.125
10/6/2016,610.57
10/7/2016,610.23375
10/8/2016,617.445
10/9/2016,614.59625
10/10/2016,615.91625
10/11/2016,618.3275
10/12/2016,637.21624
10/13/2016,637.73625
10/14/2016,635.88375
10/15/2016,638.975
10/16/2016,638.605
10/17/2016,636.635
10/18/2016,637.01625
10/19/2016,634.605
10/20/2016,626.36875
10/21/2016,629.61249
10/22/2016,630.61875
10/23/2016,650.895
10/24/2016,647.69375
10/25/2016,652.235
10/26/2016,657.05625
10/27/2016,684.3775
10/28/2016,684.2975
10/29/2016,700.135
10/30/2016,704.91
10/31/2016,693.89625
11/1/2016,708.955
11/2/2016,725.6925
11/3/2016,741.84875
11/4/2016,701.21875
11/5/2016,702.175
11/6/2016,705.47875
11/7/2016,705.47125
11/8/2016,706.13375
11/9/2016,728.36125
11/10/2016,719.2525
11/11/2016,714.57125
11/12/2016,715.7725
11/13/2016,694.72125
11/14/2016,704.62125
11/15/2016,711.39625
11/16/2016,710.9275
11/17/2016,745.92625
11/18/2016,738.665
11/19/2016,748.8075
11/20/2016,752.5525
11/21/2016,730.365
11/22/2016,734.84
11/23/2016,745.97875
11/24/2016,739.81875
11/25/2016,730.3125
11/26/2016,737.4025
11/27/2016,727.445
11/28/2016,731.9
11/29/2016,731.12625
11/30/2016,731.64
12/1/2016,744.1025
12/2/2016,766.5925
12/3/2016,769.915
12/4/2016,764.3575
12/5/2016,760.1
12/6/2016,754.82625
12/7/2016,758.35375
12/8/2016,763.23625
12/9/2016,766.8725
12/10/2016,773.2825
12/11/2016,765.9525
12/12/2016,769.8275
12/13/2016,774.38625
12/14/2016,778.35625
12/15/2016,776.9825
12/16/2016,776.415
12/17/2016,786.9725
12/18/2016,789.24625
12/19/2016,791
12/20/2016,789.2325
12/21/2016,805.79625
12/22/2016,842.63875
12/23/2016,910.9325
12/24/2016,910.2475
12/25/2016,870.13125
12/26/2016,905.45625
12/27/2016,900.36625
12/28/2016,948.89875
12/29/2016,971.645
12/30/2016,954.84375
12/31/2016,952.455
1/1/2017,964.325
1/2/2017,1009.97375
1/3/2017,1028.33375
1/4/2017,1047.09999
1/5/2017,1140.385
1/6/2017,985.93875
1/7/2017,837.83625
1/8/2017,923.52375
1/9/2017,889.33875
1/10/2017,905.22625
1/11/2017,910.60625
1/12/2017,772.66125
1/13/2017,784.89375
1/14/2017,820.68875
1/15/2017,821.19625
1/16/2017,830.74
1/17/2017,848.58125
1/18/2017,890.29375
1/19/2017,888.0625
1/20/2017,896.16375
1/21/2017,920.58875
1/22/2017,934.7775
1/23/2017,920.365
1/24/2017,912.2125
1/25/2017,898.55
1/26/2017,901.05
1/27/2017,912.84375
1/28/2017,919.795
1/29/2017,920.82875
1/30/2017,916.91125
1/31/2017,921.35125
2/1/2017,973.065
2/2/2017,982.8275
2/3/2017,1020.09
2/4/2017,1011.215
2/5/2017,1029.40124
2/6/2017,1019.3125
2/7/2017,1029.40875
2/8/2017,1067.70875
2/9/2017,1072.205
2/10/2017,974.95875
2/11/2017,997.2275
2/12/2017,1004.71375
2/13/2017,1004.85375
2/14/2017,994.58
2/15/2017,1003.59
2/16/2017,1018.41125
2/17/2017,1038.86625
2/18/2017,1058.315
2/19/2017,1052.84375
2/20/2017,1046.66249
2/21/2017,1079.5825
2/22/2017,1112.86375
2/23/2017,1122.515
2/24/2017,1193.501
2/25/2017,1182.429
2/26/2017,1139.848
2/27/2017,1189.366
2/28/2017,1189.94699
3/1/2017,1193.611
3/2/2017,1221.05
3/3/2017,1269.776
3/4/2017,1285.376
3/5/2017,1260.668
3/6/2017,1273.24699
3/7/2017,1280.30499
3/8/2017,1206.357
3/9/2017,1153.06
3/10/2017,1200.557
3/11/2017,1147.625
3/12/2017,1186.351
3/13/2017,1235.553
3/14/2017,1242.806
3/15/2017,1245.892
3/16/2017,1247.67099
3/17/2017,1126.08199
3/18/2017,1062.07
3/19/2017,1000.24599
3/20/2017,1036.226
3/21/2017,1065.481
3/22/2017,1091.333
3/23/2017,1036.099
3/24/2017,1013.844
3/25/2017,921.808
3/26/2017,962.508
3/27/2017,968.293
3/28/2017,1035.32199
3/29/2017,1011.969
3/30/2017,1041.374
3/31/2017,1048.86299
4/1/2017,1077.557
4/2/2017,1082.37
4/3/2017,1140.037
4/4/2017,1148.092
4/5/2017,1139.86
4/6/2017,1150.685
4/7/2017,1177.284
4/8/2017,1196.896
4/9/2017,1187.03299
4/10/2017,1213.801
4/11/2017,1206.74
4/12/2017,1226.896
4/13/2017,1216.269
4/14/2017,1187.136
4/15/2017,1186.10899
4/16/2017,1189.55
4/17/2017,1184.2
4/18/2017,1211.73799
4/19/2017,1218.666
4/20/2017,1227.981
4/21/2017,1261.702
4/22/2017,1255.25125
4/23/2017,1232.7575
4/24/2017,1243.43
4/25/2017,1251.5775
4/26/2017,1269.69625
4/27/2017,1289.7475
4/28/2017,1335.825
4/29/2017,1319.7
4/30/2017,1311.58874
5/1/2017,1370.79
5/2/2017,1416.61
5/3/2017,1448.88625
5/4/2017,1506.7725
5/5/2017,1543.31
5/6/2017,1536.1525
5/7/2017,1554.6025
5/8/2017,1564.065
5/9/2017,1644.72875
5/10/2017,1695.83125
5/11/2017,1748.35375
5/12/2017,1774.52
5/13/2017,1634.6075
5/14/2017,1774.805
5/15/2017,1747.04375
5/16/2017,1665.0325
5/17/2017,1744.44125
5/18/2017,1796.89625
5/19/2017,1913.13875
5/20/2017,1983.97875
5/21/2017,2074.69625
5/22/2017,2114.98875
5/23/2017,2196.66874
5/24/2017,2348.55249
5/25/2017,2581.85375
5/26/2017,2460.95375
5/27/2017,2232.2875
5/28/2017,2234.83374
5/29/2017,2195.785
5/30/2017,2315.73625
5/31/2017,2170.98124
6/1/2017,2402.125
6/2/2017,2477.1725
6/3/2017,2475.2975
6/4/2017,2526.31125
6/5/2017,2605.125
6/6/2017,2855.03
6/7/2017,2900.8525
6/8/2017,2737.9025
6/9/2017,2826.03875
6/10/2017,2846.00625
6/11/2017,2910.33625
6/12/2017,3007.0125
6/13/2017,2697.0775
6/14/2017,2780.1825
6/15/2017,2518.54875
6/16/2017,2438.61749
6/17/2017,2520.78375
6/18/2017,2680.1025
6/19/2017,2611.67999
6/20/2017,2667.5475
6/21/2017,2805.0975
6/22/2017,2702.00375
6/23/2017,2763.29125
6/24/2017,2740.5925
6/25/2017,2598.15875
6/26/2017,2630.59499
6/27/2017,2513.42999
6/28/2017,2556.1675
6/29/2017,2591.2675
6/30/2017,2547.3225
7/1/2017,2479.05499
7/2/2017,2424.69875
7/3/2017,2513.74125
7/4/2017,2640.06125
7/5/2017,2588.67875
7/6/2017,2634.17375
7/7/2017,2598.57
7/8/2017,2514.3625
7/9/2017,2586.0425
7/10/2017,2524.12624
7/11/2017,2352.265
7/12/2017,2292.91375
7/13/2017,2437.55375
7/14/2017,2337.67875
7/15/2017,2109.37375
7/16/2017,2045.5725
7/17/2017,1986.9425
7/18/2017,2189.23999
7/19/2017,2354.8925
7/20/2017,2349.355
7/21/2017,2740.56875
7/22/2017,2738.775
7/23/2017,2831.67875
7/24/2017,2772.3675
7/25/2017,2768.8025
7/26/2017,2540.20874
7/27/2017,2570.195
7/28/2017,2699.72125
7/29/2017,2719.69
7/30/2017,2714.70375
7/31/2017,2718.6175
8/1/2017,2867.65375
8/2/2017,2739.70875
8/3/2017,2740.07125
8/4/2017,2811.71
8/5/2017,3123.41125
8/6/2017,3254.71
8/7/2017,3274.6375
8/8/2017,3474.7625
8/9/2017,3416.185
8/10/2017,3364.41125
8/11/2017,3451.8525
8/12/2017,3705.43
8/13/2017,4104.015
8/14/2017,4036.7575
8/15/2017,4462.67625
8/16/2017,4118.9025
8/17/2017,4322.42125
8/18/2017,4311.685
8/19/2017,4180.23875
8/20/2017,4139.38125
8/21/2017,4110.94125
8/22/2017,3911.27625
8/23/2017,4162.79249
8/24/2017,4178.75625
8/25/2017,4396.03125
8/26/2017,4359.9025
8/27/2017,4381.39625
8/28/2017,4340.46
8/29/2017,4442.6575
8/30/2017,4664.64375
8/31/2017,4676.1425
9/1/2017,4783.17
9/2/2017,4864.285
9/3/2017,4672.56875
9/4/2017,4593.1825
9/5/2017,4160.535
9/6/2017,4517.57
9/7/2017,4543.1025
9/8/2017,4628.6025
9/9/2017,4280.975
9/10/2017,4194.21875
9/11/2017,4307.82625
9/12/2017,4295.76124
9/13/2017,3944.58375
9/14/2017,3817.0575
9/15/2017,3358.10875
9/16/2017,3772.68375
9/17/2017,3608.595
9/18/2017,3764.6175
9/19/2017,3976.3875
9/20/2017,3863.18625
9/21/2017,3827.685
9/22/2017,3690.99125
9/23/2017,3612.1625
9/24/2017,3772.8475
9/25/2017,3753.435
9/26/2017,3920.99125
9/27/2017,3939.515
9/28/2017,4220.28
9/29/2017,4062.20375
9/30/2017,4207.825
10/1/2017,4300.55125
10/2/2017,4414.1775
10/3/2017,4424.4725
10/4/2017,4307.555
10/5/2017,4186.78374
10/6/2017,4325.23625
10/7/2017,4370.16875
10/8/2017,4446.17249
10/9/2017,4624.34875
10/10/2017,4789.30125
10/11/2017,4741.70875
10/12/2017,4858.60499
10/13/2017,5728.5475
10/14/2017,5666.97875
10/15/2017,5779.07375
10/16/2017,5607.01
10/17/2017,5643.55375
10/18/2017,5495.03875
10/19/2017,5627.08625
10/20/2017,5686.52625
10/21/2017,6098.115
10/22/2017,5949.07875
10/23/2017,5969.795
10/24/2017,5649.005
10/25/2017,5550.85875
10/26/2017,5776.87875
10/27/2017,5923.70625
10/28/2017,5737.1025
10/29/2017,5741.7225
10/30/2017,6151.325
10/31/2017,6130.56375
11/1/2017,6424.515
11/2/2017,6879.365
11/3/2017,7199.2375
11/4/2017,7210.46875
11/5/2017,7376.7425
11/6/2017,7231.93
11/7/2017,7123.89375
11/8/2017,7356.50625
11/9/2017,7342.82375
11/10/2017,7250.77
11/11/2017,6773.695
11/12/2017,6075.30125
11/13/2017,5969.13
11/14/2017,6666.27125
11/15/2017,6867.42625
11/16/2017,7259.3
11/17/2017,7924.1825
11/18/2017,7598.2775
11/19/2017,7787.45625
11/20/2017,7954.7675
11/21/2017,7879.06
11/22/2017,8150.6325
11/23/2017,8208.75375
11/24/2017,8094.445
11/25/2017,8190.87125
11/26/2017,8851.305
11/27/2017,9573.9675
11/28/2017,9713.09625
11/29/2017,10295.6225
11/30/2017,10542.6625
12/1/2017,9706.10375
12/2/2017,10923.20125
12/3/2017,10973.54375
12/4/2017,11382.20875
12/5/2017,11597.23125
12/6/2017,12230.365
12/7/2017,13734.52
12/8/2017,16403.42125
12/9/2017,15732.1
12/10/2017,13152.52875
12/11/2017,16299.2975
12/12/2017,16374.8975
12/13/2017,16678.28749
12/14/2017,16246.13875
12/15/2017,17221.65125
12/16/2017,17436.5975
12/17/2017,19166.97874
12/18/2017,18640.2625
12/19/2017,18984.7675
12/20/2017,16862.57125
12/21/2017,16925.0175
12/22/2017,14182.46499
12/23/2017,14694.5825
12/24/2017,14103.21875
12/25/2017,13387.34875
12/26/2017,14652.3675
12/27/2017,15846.07375
12/28/2017,14362.40375
12/29/2017,14867.5725
12/30/2017,13643.695
12/31/2017,13062.145
1/1/2018,13439.4175
1/2/2018,13337.62125
1/3/2018,14881.545
1/4/2018,15104.45
1/5/2018,14953.8525
1/6/2018,16576.69625
1/7/2018,16735.10625
1/8/2018,15632.41125
1/9/2018,15242.93625
1/10/2018,14122.825
1/11/2018,13269.5975
1/12/2018,13633.36375
1/13/2018,14165.90625
1/14/2018,14217.3625
1/15/2018,13519.92625
1/16/2018,12915.11625
1/17/2018,10870.16875
1/18/2018,11340.65
1/19/2018,11137.36875
1/20/2018,11742.94125
1/21/2018,12486.06625
1/22/2018,11508.62
1/23/2018,10872.9025
1/24/2018,10830.9275
1/25/2018,11629.375
1/26/2018,11524.345
1/27/2018,11005.615
1/28/2018,11452.23
1/29/2018,11412.79375
1/30/2018,10917.15125
1/31/2018,9914.4725
2/1/2018,9970.30875
2/2/2018,8715.59499
2/3/2018,8285.50124
2/4/2018,9192.045
2/5/2018,8136.39
2/6/2018,6332.37
2/7/2018,7270.5075
2/8/2018,7987.28125
2/9/2018,8086.7725
2/10/2018,8930.13875
2/11/2018,8045.44
2/12/2018,8478.92499
2/13/2018,8766.8525
2/14/2018,8693.2525
2/15/2018,9659.2875
2/16/2018,10110.83875
2/17/2018,10474.77125
2/18/2018,10855.9375
2/19/2018,10537.00625
2/20/2018,11416.03875
2/21/2018,10928.02
2/22/2018,10727.9525
2/23/2018,9809.72125
2/24/2018,10412.36875
2/25/2018,9585.285
2/26/2018,9627.71625
2/27/2018,10272.9025
2/28/2018,10903.01875
3/1/2018,10352.04625
3/2/2018,11100.2925
3/3/2018,11305.1225
3/4/2018,11171.8175
3/5/2018,11558.475
3/6/2018,11246.7475
3/7/2018,10735.88625
3/8/2018,9552.75875
3/9/2018,8980.19249
3/10/2018,9251.2925
3/11/2018,8680.6075
3/12/2018,9433.47374
3/13/2018,9047.5125
3/14/2018,9260.70875
3/15/2018,7895.98875
3/16/2018,8039.6025
3/17/2018,8206.555
3/18/2018,7667.99
3/19/2018,8189.49125
3/20/2018,8597.3375
3/21/2018,9028.2975
3/22/2018,9023.7175
3/23/2018,8411.6525
3/24/2018,8881.98625
3/25/2018,8548.8125
3/26/2018,8429.33124
3/27/2018,7854.6375
3/28/2018,7863.255
3/29/2018,7866.36
3/30/2018,6861.325
3/31/2018,6970.36375
4/1/2018,6926.875
4/2/2018,6986.835
4/3/2018,7182.12
4/4/2018,7295.89
4/5/2018,6769.48375
4/6/2018,6766.5925
4/7/2018,6854.92125
4/8/2018,6964.4325
4/9/2018,7125.53875
4/10/2018,6789.2675
4/11/2018,6824.49375
4/12/2018,6941.63875
4/13/2018,7823.55875
4/14/2018,8040.88125
4/15/2018,8083.57375
4/16/2018,8160.4125
4/17/2018,8030.57
4/18/2018,7937.61
4/19/2018,8188.71875
4/20/2018,8333.81374
4/21/2018,8866.67
4/22/2018,8830.05875
4/23/2018,8868.16124
4/24/2018,9191.82
4/25/2018,9373.3025
4/26/2018,8807.515
4/27/2018,9153.64125
4/28/2018,9144.38375
4/29/2018,9444.1425
4/30/2018,9268.7175
5/1/2018,8949.87624
5/2/2018,9029.47875
5/3/2018,9228.8525
5/4/2018,9572.69875
5/5/2018,9817.5975
5/6/2018,9845.54375
5/7/2018,9326.76125
5/8/2018,9424.99124
5/9/2018,9039.02875
5/10/2018,9327.04999
5/11/2018,8920.25625
5/12/2018,8408.35875
5/13/2018,8442.23875
5/14/2018,8398.86249
5/15/2018,8711.38875
5/16/2018,8159.25625
5/17/2018,8360.22875
5/18/2018,7996.82125
5/19/2018,8237.3425
5/20/2018,8250.395
5/21/2018,8493.13125
5/22/2018,8324.025
5/23/2018,7951.51375
5/24/2018,7614.96375
5/25/2018,7599.9525
5/26/2018,7436.835
5/27/2018,7296.79625
5/28/2018,7383.2175
5/29/2018,7118.42375
5/30/2018,7491.61125
5/31/2018,7363.27625
6/1/2018,7490.62125
6/2/2018,7518.333328931
6/3/2018,7630.403388155
6/4/2018,7716.1450680606
6/5/2018,7505.5892769261
6/6/2018,7624.1879705558
6/7/2018,7658.57
6/8/2018,7684.93
6/9/2018,7618.11
6/10/2018,7495.1
6/11/2018,6770.31
6/12/2018,6780.3408026703
6/13/2018,6525.329181606
6/14/2018,6321.6559647806
6/15/2018,6601.3241577351
6/16/2018,6397.4411699407
6/17/2018,6529.5440149899
6/18/2018,6482.8686968609
6/19/2018,6711.6496699796
6/20/2018,6731.7101466428
6/21/2018,6736.8677212375
6/22/2018,6729.9259369514
6/23/2018,6099.445277341
6/24/2018,6198.7008235859
6/25/2018,6142.3925697055
6/26/2018,6244.3284549671
6/27/2018,6148.4227054114
6/28/2018,6140.1914995488
6/29/2018,5954.5265818138
6/30/2018,6189.3092519378
7/1/2018,6343.8921999592
7/2/2018,6373.2778541204
7/3/2018,6629.7495948521
7/4/2018,6482.8305936314
7/5/2018,6589.6327930083
7/6/2018,6538.6824323422
7/7/2018,6596.53
7/8/2018,6570.4275920965
7/9/2018,6744.9886791676
7/10/2018,6694.5308510827
7/11/2018,6364.3875895982
7/12/2018,6360.4466681956
7/13/2018,6144.8101179498
7/14/2018,6215.59
7/15/2018,6254.6781291793
7/16/2018,6366.3499035552
7/17/2018,6671.6259190668
7/18/2018,7315.5510403376
7/19/2018,7359.7370183427
7/20/2018,7484.6396703854
7/21/2018,7357.4456773198
7/22/2018,7424.7342378111
7/23/2018,7411.2005247349
7/24/2018,7730.2474798128
7/25/2018,8325.8015336658
7/26/2018,8271.5979196832
7/27/2018,7925.2473958792
7/28/2018,8254.2773483423
7/29/2018,8184.6955351747
7/30/2018,8201.8900899474
7/31/2018,8166.3883602012
8/1/2018,7700.8341285235
8/2/2018,7588.5861802231
8/3/2018,7547.3149505122
8/4/2018,7423.0743779862
8/5/2018,7396.0411215425
8/6/2018,7411.5152993623
8/7/2018,7402.3366337439
8/8/2018,6748.4414841816
8/9/2018,6460.1531550102
8/10/2018,6482.9734487615
8/11/2018,6092.5331036604
8/12/2018,6391.5992583652
8/13/2018,6338.7389567451
8/14/2018,6260.1929950271
8/15/2018,6123.4476006082
8/16/2018,6332.6068999281
8/17/2018,6273.8880695393
8/18/2018,6566.5952833952
8/19/2018,6396.9463686172
8/20/2018,6516.6683821435
8/21/2018,6299.3953331255
8/22/2018,6470.7335666523
8/23/2018,6355.8818088457
8/24/2018,6503.8323619614
8/25/2018,6675.3606827832
8/26/2018,6725.0323269894
8/27/2018,6689.8226825962
8/28/2018,6756.6289258733
8/29/2018,7084.2936167368
8/30/2018,7059.2312352573
8/31/2018,6938.9145822993
9/1/2018,7028.447311566
9/2/2018,7198.0584362259
9/3/2018,7282.8585138311
9/4/2018,7260.2515925593
9/5/2018,7361.2718642376
9/6/2018,6913.1150129363
9/7/2018,6471.493883654
9/8/2018,6400.2687056583
9/9/2018,6181.7442069566
9/10/2018,6253.9372013424
9/11/2018,6275.0831321787
9/12/2018,6275.6695882724
9/13/2018,6277.4944091253
9/14/2018,6283.1841998225
9/15/2018,6285.9824663114
9/16/2018,6280.3101068801
9/17/2018,6281.4093556542
9/18/2018,6273.2200825643
9/19/2018,6278.5954861797
9/20/2018,6282.6107265937
9/21/2018,6288.0701702962
9/22/2018,6317.6996850165
9/23/2018,6293.8364208374
9/24/2018,6289.6213269847
9/25/2018,6466.9945639118
9/26/2018,6391.3859805928
9/27/2018,6509.7766212475
9/28/2018,6698.4160468789
9/29/2018,6502.6881513173
9/30/2018,6576.6143197
10/1/2018,6647.3879467315
10/2/2018,6603.7543420461
10/3/2018,6576.3542289419
10/4/2018,6481.2457703264
10/5/2018,6594.9357857858
10/6/2018,6630.5752970678
10/7/2018,6595.2603262611
10/8/2018,6591.6863183363
10/9/2018,6662.8684995573
10/10/2018,6663.021070746
10/11/2018,6619.4958451381
10/12/2018,6285.859202643
10/13/2018,6309.1989214047
10/14/2018,6331.1311540774
10/15/2018,6361.4170162729
10/16/2018,6721.5875032778
10/17/2018,6724.8330778968
10/18/2018,6444.7470095938
10/19/2018,6374.6488625469
10/20/2018,6372.6868170702
10/21/2018,6407.4790849086
10/22/2018,6412.5304907339
10/23/2018,6396.8801542538
10/24/2018,6396.252324044
10/25/2018,6407.667175231
10/26/2018,6405.5007258241
10/27/2018,6392.1793373833
10/28/2018,6436.355483928
10/29/2018,6429.6871414323
10/30/2018,6266.1896827178
10/31/2018,6276.4644997238
11/1/2018,6321.713671307
11/2/2018,6341.0948126498
11/3/2018,6360.1412719216
11/4/2018,6344.7389429436
11/5/2018,6405.1397546807
11/6/2018,6396.3521235412
11/7/2018,6425.9178018185
11/8/2018,6514.4894527375
11/9/2018,6412.524289058
11/10/2018,6343.6325037562
11/11/2018,6365.655231516
11/12/2018,6327.4806461044
11/13/2018,6327.1546960646
11/14/2018,6282.4386771629
11/15/2018,5524.8010934193
11/16/2018,5511.1528335321
11/17/2018,5448.6006335653
11/18/2018,5497.4112787322
11/19/2018,5553.014895008
11/20/2018,4800.3428974568
11/21/2018,4246.3127740611
11/22/2018,4478.2995582941
11/23/2018,4405.7440313629
11/24/2018,4329.9172203207
11/25/2018,3728.8726484882
11/26/2018,3951.20502915
11/27/2018,3640.5571648024
11/28/2018,3792.1923641199
11/29/2018,4174.31997237
11/30/2018,4218.6083631146
12/1/2018,3952.4478953992
12/2/2018,4178.60382773
12/3/2018,4118.5182417699
12/4/2018,3847.0327374089
12/5/2018,3889.2921196935
12/6/2018,3713.5733827508
12/7/2018,3578.2066240384
12/8/2018,3391.8741459694
12/9/2018,3452.6161853921
12/10/2018,3507.3063671956
12/11/2018,3419.7337684576
12/12/2018,3360.9466282566
12/13/2018,3414.8337488292
12/14/2018,3263.5479129873
12/15/2018,3212.207080727
12/16/2018,3194.96227244
12/17/2018,3200.6424680869
12/18/2018,3478.461202649
12/19/2018,3562.8949463603
12/20/2018,3709.3167592101
12/21/2018,4065.7999528499
12/22/2018,3824.7397939051
12/23/2018,3862.7263286473
12/24/2018,3949.7943416583
12/25/2018,4054.2962598168
12/26/2018,3767.3500239009
12/27/2018,3807.1530224727
12/28/2018,3587.1982229208
12/29/2018,3865.5293004371
12/30/2018,3725.48
12/31/2018,3832.4
1/1/2019,3689.5646203364
1/2/2019,3715.5644411293
1/3/2019,3882.304754348
1/4/2019,3795.5927412969
1/5/2019,3812.3811076791
1/6/2019,3809.9143429619
1/7/2019,4014.1331870739
1/8/2019,3989.6317409326
1/9/2019,3992.9861439065
1/10/2019,3995.3251931641
1/11/2019,3617.3462911588
1/12/2019,3606.1648903844
1/13/2019,3611.5282378524
1/14/2019,3497.6693915005
1/15/2019,3654.3470673605
1/16/2019,3568.7512587366
1/17/2019,3593.7217397683
1/18/2019,3623.717336702
1/19/2019,3605.8551868777
1/20/2019,3690.9085636878
1/21/2019,3544.2217242808
1/22/2019,3528.4635294479
1/23/2019,3581.5519472363
1/24/2019,3549.770799097
1/25/2019,3562.9204764613
1/26/2019,3566.6661636996
1/27/2019,3563.2780095528
1/28/2019,3539.6209472447
1/29/2019,3425.2621611882
1/30/2019,3395.0186452497
1/31/2019,3441.0322154158
2/1/2019,3420.633226576
2/2/2019,3439.8056988758
2/3/2019,3433.0352852216
2/4/2019,3404.499313399
2/5/2019,3412.2304311019
2/6/2019,3419.7678987458
2/7/2019,3367.5190315823
2/8/2019,3360.534075862
2/9/2019,3591.0221518825
2/10/2019,3617.4646801319
2/11/2019,3621.1540027134
2/12/2019,3593.1831765659
2/13/2019,3579.3418810265
2/14/2019,3569.5548327757
2/15/2019,3558.3968581047
2/16/2019,3566.2477646317
2/17/2019,3596.4051912371
2/18/2019,3606.1519884106
2/19/2019,3865.3181649793
2/20/2019,3904.4829202328
2/21/2019,3924.7398439211
2/22/2019,3889.7584851849
2/23/2019,3933.6075896328
2/24/2019,4105.1127585961
2/25/2019,3763.6205157956
2/26/2019,3819.8653414425
2/27/2019,3797.5817895103
2/28/2019,3772.9363353275
3/1/2019,3799.678542951
3/2/2019,3811.6119793671
3/3/2019,3804.4191701095
3/4/2019,3782.6641011218
3/5/2019,3689.8628931904
3/6/2019,3832.0808847342
3/7/2019,3848.9563696825
3/8/2019,3859.8399833296
3/9/2019,3828.3719040694
3/10/2019,3898.8684595605
3/11/2019,3899.6558689562
3/12/2019,3851.2491896498
3/13/2019,3866.2959463248
3/14/2019,3846.2744415121
3/15/2019,3855.7443626577
3/16/2019,3892.0523011383
3/17/2019,3985.8512364813
3/18/2019,3970.3890446061
3/19/2019,3974.4157640954
3/20/2019,3996.037130764
3/21/2019,4027.7873954939
3/22/2019,3974.8114294551
3/23/2019,3987.3052249052
3/24/2019,3977.707443288
3/25/2019,3968.4387009854
3/26/2019,3913.7817170518
3/27/2019,3915.3753197805
3/28/2019,4018.5905096995
3/29/2019,4008.3708718477
3/30/2019,4080.2601141916
3/31/2019,4081.2216046987
4/1/2019,4094.7047913777
4/2/2019,4135.1849399747
4/3/2019,4818.7706353498
4/4/2019,5102.1507526415
4/5/2019,4875.5994313973
4/6/2019,5030.9332705867
4/7/2019,5028.3210819427
4/8/2019,5198.1731702888
4/9/2019,5260.2050430865
4/10/2019,5179.997649218
4/11/2019,5283.543757825
4/12/2019,5049.6058235388
4/13/2019,5077.5158640878
4/14/2019,5066.8670401606
4/15/2019,5158.3874010066
4/16/2019,5045.6751659083
4/17/2019,5184.2044677779
4/18/2019,5220.9599338197
4/19/2019,5276.5589823291
4/20/2019,5266.6612458779
4/21/2019,5292.1483296981
4/22/2019,5276.5583181647
4/23/2019,5398.4334166027
4/24/2019,5552.5219105461
4/25/2019,5432.9910174238
4/26/2019,5132.227526274
4/27/2019,5151.5745281681
4/28/2019,5200.1932393191
4/29/2019,5152.5457396305
4/30/2019,5151.4334996793
5/1/2019,5277.4444688896
5/2/2019,5297.9424922151
5/3/2019,5405.8780670084
5/4/2019,5697.6790537992
5/5/2019,5812.3317793033
5/6/2019,5713.0350518135
5/7/2019,5706.0084207883
5/8/2019,5899.5296934602
5/9/2019,5932.4413913918
5/10/2019,6159.6859018287
5/11/2019,6387.829450439
5/12/2019,7254.8055361621
5/13/2019,6992.7066614624
5/14/2019,7906.9408350528
5/15/2019,7928.4174163467
5/16/2019,8177.4535191838
5/17/2019,7820.0762428219
5/18/2019,7243.650538964
5/19/2019,7295.6497288231
5/20/2019,8221.2593953546
5/21/2019,7917.0124987984
5/22/2019,7961.1287431622
5/23/2019,7723.9038796248
5/24/2019,7903.8469103955
5/25/2019,8038.5067907549
5/26/2019,8089.5701634982
5/27/2019,8653.1423680221
5/28/2019,8800.3466061527
5/29/2019,8719.3314849999
5/30/2019,8672.4001072907
5/31/2019,8287.0402563223
6/1/2019,8513.2038819334
6/2/2019,8588.4795049694
6/3/2019,8744.2655607165
6/4/2019,8474.0482291229
6/5/2019,7645.5725139007
6/6/2019,7790.3211349552
6/7/2019,7730.8817258862
6/8/2019,8030.2560794416
6/9/2019,7949.425798625
6/10/2019,7600.9224920885
6/11/2019,7954.0062377205
6/12/2019,7903.6252503798
6/13/2019,8151.7886797815
6/14/2019,8256.7200994618
6/15/2019,8667.7879539941
6/16/2019,8836.1684129096
6/17/2019,9061.5404606385
6/18/2019,9346.9750871976
6/19/2019,9012.4878496522
6/20/2019,9259.1236383919
6/21/2019,9559.9006885716
6/22/2019,9906.407965055
6/23/2019,10461.4121688088
6/24/2019,10843.5709747797
6/25/2019,10996.4597495353
6/26/2019,11665.4096837335
6/27/2019,12444.9258599878
6/28/2019,11086.2688286526
6/29/2019,12316.9530120207
6/30/2019,12024.0809722046
7/1/2019,10932.3105071733
7/2/2019,10454.6838183291
7/3/2019,10800.1301399504
7/4/2019,11942.2402247929
7/5/2019,11645.5246063376
7/6/2019,10946.2090547386
7/7/2019,11219.0460004352
7/8/2019,11422.1144680283
7/9/2019,12335.9993946484
7/10/2019,12575.904067439
7/11/2019,12054.1837934894
7/12/2019,11324.1446969751
7/13/2019,11802.9599635884
7/14/2019,11279.6027356333
7/15/2019,10506.3958273087
7/16/2019,10934.4827395525
7/17/2019,9490.4105157548
7/18/2019,9733.1321340919
7/19/2019,10603.3488731713
7/20/2019,10466.2609381509
7/21/2019,10983.2160020296
7/22/2019,10551.1316333347
7/23/2019,10285.6392306749
7/24/2019,10027.5326122485
7/25/2019,9771.5047613175
7/26/2019,9897.4293515161
7/27/2019,9812.2263505784
7/28/2019,9440.1400373076
7/29/2019,9495.855261405
7/30/2019,9506.704273142
7/31/2019,9572.735371803
8/1/2019,10005.2944733245
8/2/2019,10385.2006061246
8/3/2019,10513.9114715942
8/4/2019,10831.2598554087
8/5/2019,10985.8075416287
8/6/2019,11811.7870541507
8/7/2019,11310.187223605
8/8/2019,11956.0472230184
8/9/2019,11817.4554825164
8/10/2019,11827.5745716918
8/11/2019,11278.2812549022
8/12/2019,11485.3657829898
8/13/2019,11391.9686539038
8/14/2019,10869.3791128623
8/15/2019,10211.4985816982
8/16/2019,10386.5395500195
8/17/2019,10388.4505925604
8/18/2019,10212.1014417394
8/19/2019,10335.3728385716
8/20/2019,10774.8103058331
8/21/2019,10818.5070076193
8/22/2019,10064.9167944793
8/23/2019,10161.1647494901
8/24/2019,10364.2813536875
8/25/2019,10171.4974606754
8/26/2019,10068.922419922
8/27/2019,10312.2150398496
8/28/2019,10122.1965329581
8/29/2019,9743.1620510451
8/30/2019,9487.9764335192
8/31/2019,9590.7363369227
9/1/2019,9624.9839105321
9/2/2019,9780.6678970327
9/3/2019,10381.8559592516
9/4/2019,10691.31129913
9/5/2019,10555.0469008368
9/6/2019,10576.3178915251
9/7/2019,10334.0238858467
9/8/2019,10495.2273642085
9/9/2019,10402.7965306911
9/10/2019,10332.9421881057
9/11/2019,10082.9468264833
9/12/2019,10152.7529840771
9/13/2019,10396.7672047403
9/14/2019,10299.4769604855
9/15/2019,10351.2320218437
9/16/2019,10302.1907136783
9/17/2019,10301.6596516938
9/18/2019,10231.4215119596
9/19/2019,10168.2877093815
9/20/2019,10223.5055788024
9/21/2019,10138.3352052234
9/22/2019,9984.520515967
9/23/2019,10031.8667089936
9/24/2019,9719.7186961077
9/25/2019,8688.9735259572
9/26/2019,8438.7085524873
9/27/2019,8103.2108995944
9/28/2019,8195.2106969967
9/29/2019,8146.4140320046
9/30/2019,8085.7132904218
10/1/2019,8241.3414700027
10/2/2019,8333.6891904217
10/3/2019,8273.4640176573
10/4/2019,8203.8438327979
10/5/2019,8163.9026381024
10/6/2019,8137.1466890387
10/7/2019,7853.6933048347
10/8/2019,8236.2083793045
10/9/2019,8201.6378181926
10/10/2019,8572.3808124348
10/11/2019,8582.1445177037
10/12/2019,8320.1715813968
10/13/2019,8328.6042603935
10/14/2019,8282.1773258265
10/15/2019,8337.8189985374
10/16/2019,8162.44
10/17/2019,8003.8203947876
10/18/2019,8058.0580811125
10/19/2019,7970.2394756046
10/20/2019,7943.3471070605
10/21/2019,8200.3187633988
10/22/2019,8200.2460994923
10/23/2019,8073.4095438836
10/24/2019,7420.4158364928
10/25/2019,7460.6174159279
10/26/2019,8591.2238974163
10/27/2019,9171.3065318558
10/28/2019,9578.3675560737
10/29/2019,9458.2233596272
10/30/2019,9455.7246926058
10/31/2019,9225.9954793378
11/1/2019,9131.4106303055
11/2/2019,9197.6323446207
11/3/2019,9290.8966023936
11/4/2019,9202.41545055
11/5/2019,9369.6280811552
11/6/2019,9326.5996237841
11/7/2019,9335.7524023305
11/8/2019,9226.4858208826
11/9/2019,8794.3586445233
11/10/2019,8798.0420546256
11/11/2019,9081.1868784913
11/12/2019,8711.5343391679
11/13/2019,8760.8927181435
11/14/2019,8749.520591019
11/15/2019,8656.970922354
11/16/2019,8500.6435581622
11/17/2019,8469.2608988992
11/18/2019,8537.3396519676
11/19/2019,8205.8063659942
11/20/2019,8118.4885358003
11/21/2019,8074.8431736099
11/22/2019,7612.7405735024
11/23/2019,7262.1105349483
11/24/2019,7303.4057585242
11/25/2019,7041.7329364242
11/26/2019,7211.8618087461
11/27/2019,7141.0694486947
11/28/2019,7523.4806726005
11/29/2019,7390.207469227
11/30/2019,7729.265938935
12/1/2019,7542.2356086361
12/2/2019,7381.9630078152
12/3/2019,7333.4329304881
12/4/2019,7315.3677645579
12/5/2019,7213.7337617194
12/6/2019,7398.7870496069
12/7/2019,7511.8805831153
12/8/2019,7532.1235130864
12/9/2019,7550.2391998746
12/10/2019,7333.0960431601
12/11/2019,7239.762575441
12/12/2019,7198.0666770463
12/13/2019,7190.2723692612
12/14/2019,7238.8743229875
12/15/2019,7087.0249853497
12/16/2019,7112.7314761241
12/17/2019,6883.4963937703
12/18/2019,6584.0288433458
12/19/2019,7424.0154002314
12/20/2019,7147.5683237876
12/21/2019,7139.9333705301
12/22/2019,7286.3350811573
12/23/2019,7236.9862046092
12/24/2019,7166.1723785327
12/25/2019,7235.6266504955
12/26/2019,7212.8093952216
12/27/2019,7183.7065360296
12/28/2019,7227.2937116818
12/29/2019,7311.560643923
12/30/2019,7385.464847913
12/31/2019,7251.2767943228
1/1/2020,7179.9578192867
1/2/2020,7174.7440119511
1/3/2020,6955.4875796712
1/4/2020,7291.2195053189
1/5/2020,7337.6366701377
1/6/2020,7347.4332644392
1/7/2020,7713.8607536496
1/8/2020,8039.6037008183
1/9/2020,8067.6063690564
1/10/2020,7808.7013638165
1/11/2020,8087.4528852359
1/12/2020,8078.9935319903
1/13/2020,8149.3137171468
1/14/2020,8116.9610079465
1/15/2020,8735.1424391365
1/16/2020,8843.6757322237
1/17/2020,8711.6375778988
1/18/2020,8925.2990284456
1/19/2020,8939.8643002492
1/20/2020,8638.1814404614
1/21/2020,8652.6837629859
1/22/2020,8708.786013433
1/23/2020,8635.0743569587
1/24/2020,8384.0887767671
1/25/2020,8451.2322960209
1/26/2020,8347.567505406
1/27/2020,8562.307470442
1/28/2020,8881.9623914604
1/29/2020,9131.1149880642
1/30/2020,9320.9784062486
1/31/2020,9545.0779565894
2/1/2020,9388.8807518859
2/2/2020,9363.1933827575
2/3/2020,9385.2603858419
2/4/2020,9269.7070348447
2/5/2020,9177.8946372066
2/6/2020,9625.4566372011
2/7/2020,9681.3774113095
2/8/2020,9795.3440659492
2/9/2020,9927.7782564213
2/10/2020,10132.706499106
2/11/2020,9838.9000162764
2/12/2020,10236.6351482326
2/13/2020,10364.9262882252
2/14/2020,10218.0997373046
2/15/2020,10367.5279981077
2/16/2020,9926.353690569
2/17/2020,9876.2349632052
2/18/2020,9636.6240948155
2/19/2020,10189.9959829746
2/20/2020,9701.0371914987
2/21/2020,9631.4849459561
2/22/2020,9670.8586543715
2/23/2020,9689.0867428481
2/24/2020,9919.5514478418
2/25/2020,9640.4695050585
2/26/2020,9392.8696287195
2/27/2020,8787.9783631624
2/28/2020,8784.9953524383
2/29/2020,8778.4705108021
3/1/2020,8639.5914172977
3/2/2020,8548.9483224221
3/3/2020,8923.0443982559
3/4/2020,8791.1120581303
3/5/2020,8756.9610624113
3/6/2020,9078.5787771302
3/7/2020,9126.6368222216
3/8/2020,8925.2134877789
3/9/2020,8166.3138940249
3/10/2020,7875.7508752183
3/11/2020,7959.2282742121
3/12/2020,7955.3062841815
3/13/2020,5800.2089048343
3/14/2020,5672.6812010316
3/15/2020,5304.149952186
3/16/2020,5355.1873735338
3/17/2020,4944.7023359837
3/18/2020,5465.582594124
3/19/2020,5363.8228532507
3/20/2020,6301.0634040737
3/21/2020,6185.2798385235
3/22/2020,6187.0537502172
3/23/2020,5884.3401334651
3/24/2020,6455.4546882515
3/25/2020,6784.3180114254
3/26/2020,6706.9850891337
3/27/2020,6721.4953923809
3/28/2020,6682.7800491951
3/29/2020,6229.4883428258
3/30/2020,5922.4898350924
3/31/2020,6483.7394455297
4/1/2020,6446.4213468415
4/2/2020,6537.3364615033
4/3/2020,6850.5587116906
4/4/2020,6776.370093566
4/5/2020,6855.9332644576
4/6/2020,6805.3622868989
4/7/2020,7278.2439697658
4/8/2020,7175.6674765579
4/9/2020,7367.2933984502
4/10/2020,7321.8166138877
4/11/2020,6866.3981890103
4/12/2020,6873.848495157
4/13/2020,7043.4388635241
4/14/2020,6889.8637723481
4/15/2020,6887.554907833
4/16/2020,6718.7999502834
4/17/2020,7166.5828171387
4/18/2020,7065.0823890422
4/19/2020,7277.1405855631
4/20/2020,7185.87030343
4/21/2020,6856.1464345446
4/22/2020,6904.4757726979
4/23/2020,7118.3887479246
4/24/2020,7562.0328317455
4/25/2020,7497.8617638281
4/26/2020,7542.3034007032
4/27/2020,7624.8537859232
4/28/2020,7776.5075425684
4/29/2020,7761.7587840758
4/30/2020,8773.1064879583
5/1/2020,8767.6726233679
5/2/2020,8853.7744840141
5/3/2020,8963.057557797
5/4/2020,8904.713816537
5/5/2020,8887.5058925872
5/6/2020,8978.2835871237
5/7/2020,9371.6842727917
5/8/2020,9900.678866615
5/9/2020,9917.2484143422
5/10/2020,9617.5181949278
5/11/2020,8786.655181651
5/12/2020,8608.125245038
5/13/2020,8815.2312449023
5/14/2020,9330.986484701
5/15/2020,9757.2965855933
5/16/2020,9362.6355569661
5/17/2020,9418.9185505051
5/18/2020,9684.7019593528
5/19/2020,9723.6801504531
5/20/2020,9719.4808544776
5/21/2020,9540.8865665842
5/22/2020,9141.150637421
5/23/2020,9192.8451358053
5/24/2020,9220.0758874664
5/25/2020,9048.7151191611
5/26/2020,8905.7816045384
5/27/2020,8835.7272240409
5/28/2020,9112.9791755927
5/29/2020,9507.5246646633
5/30/2020,9425.2818691896
5/31/2020,9688.324390372
6/1/2020,9427.6700841394
6/2/2020,10268.5819847333
6/3/2020,9516.1354430882
6/4/2020,9667.0607542595
6/5/2020,9811.367094602
6/6/2020,9659.6612981892
6/7/2020,9677.0509945125
6/8/2020,9737.458558786
6/9/2020,9791.9278997681
6/10/2020,9786.1420204782
6/11/2020,9874.967047524
6/12/2020,9260.8326409877
6/13/2020,9464.2280968215
6/14/2020,9458.6597544046
6/15/2020,9351.9537280097
6/16/2020,9441.7689955465
6/17/2020,9510.6606372934
6/18/2020,9457.6270744096
6/19/2020,9398.6420936216
6/20/2020,9279.7607651662
6/21/2020,9353.0781961865
6/22/2020,9289.104491444
6/23/2020,9680.9471278957
6/24/2020,9609.6802455253
6/25/2020,9311.1363183171
6/26/2020,9252.6333717662
6/27/2020,9171.7320857653
6/28/2020,9022.1537680028
6/29/2020,9101.8500573564
6/30/2020,9188.0613754617
7/1/2020,9148.4448585576
7/2/2020,9236.3167704303
7/3/2020,9097.7973663897
7/4/2020,9094.3245610188
7/5/2020,9124.653534398
7/6/2020,9055.4644825162
7/7/2020,9278.8056370407
7/8/2020,9244.4158145353
7/9/2020,9471.7599734203
7/10/2020,9236.1432537083
7/11/2020,9243.1752591504
7/12/2020,9229.85975494
7/13/2020,9286.737042085
7/14/2020,9238.9937548587
7/15/2020,9260.4709801845
7/16/2020,9211.0264328947
7/17/2020,9133.7778303426
7/18/2020,9160.4105914881
7/19/2020,9176.6863901004
7/20/2020,9190.2715341962
7/21/2020,9172.5883325719
7/22/2020,9395.0644458829
7/23/2020,9530.7908853474
7/24/2020,9617.3778613786
7/25/2020,9568.9747259614
7/26/2020,9708.9491400965
7/27/2020,9938.9512228609
7/28/2020,11187.7797269617
7/29/2020,10939.6701415471
7/30/2020,11284.4589868467
7/31/2020,11118.918412434
8/1/2020,11373.3172566418
8/2/2020,11766.7482970949
8/3/2020,11139.0983803526
8/4/2020,11261.8063317402
8/5/2020,11228.0263240165
8/6/2020,11653.4075855619
8/7/2020,11796.8173649898
8/8/2020,11639.9354101265
8/9/2020,11744.9120755023
8/10/2020,11673.1232375366
8/11/2020,11832.2273081293
8/12/2020,11340.5823406437
8/13/2020,11549.5463143706
8/14/2020,11752.1686562261
8/15/2020,11783.2834112599
8/16/2020,11895.6269498904
8/17/2020,11896.9471701861
8/18/2020,12399.1118846619
8/19/2020,12071.738909085
8/20/2020,11749.8295087584
8/21/2020,11833.8973486966
8/22/2020,11583.1389426341
8/23/2020,11674.6243539052
8/24/2020,11666.4101222366
8/25/2020,11744.0126966495
8/26/2020,11378.7260298071
8/27/2020,11458.8225964867
8/28/2020,11302.1209644988
8/29/2020,11482.2256865058
8/30/2020,11515.0444306934
8/31/2020,11657.0039342288
9/1/2020,11678.3732554192
9/2/2020,11964.2086724627
9/3/2020,11427.7026049712
9/4/2020,10712.9206460713
9/5/2020,10563.896938616
9/6/2020,10042.8548543675
9/7/2020,10207.6050029603
9/8/2020,10381.7761069335
9/9/2020,10043.1964412914
9/10/2020,10268.460915747
9/11/2020,10341.0159838502
9/12/2020,10380.5395972283
9/13/2020,10436.3654083593
9/14/2020,10313.06857949
9/15/2020,10680.2975611652
9/16/2020,10829.5053071986
9/17/2020,11033.3835264817
9/18/2020,10937.1112591004
9/19/2020,10933.9311623986
9/20/2020,11048.8792781597
9/21/2020,10852.9101389415
9/22/2020,10526.2028872017
9/23/2020,10531.1645626345
9/24/2020,10260.0330124118
9/25/2020,10672.956808056
9/26/2020,10729.0696074184
9/27/2020,10741.4764675217
9/28/2020,10752.3454497531
9/29/2020,10863.0657239052
9/30/2020,10764.2843707196
10/1/2020,10741.5795494951
10/2/2020,10626.6009564965
10/3/2020,10567.330195233
10/4/2020,10555.0286787811
10/5/2020,10660.6111826447
10/6/2020,10756.4045849204
10/7/2020,10589.6263935253
10/8/2020,10645.7547867781
10/9/2020,10897.5954315054
10/10/2020,11052.3950836712
10/11/2020,11360.8527168674
10/12/2020,11334.0267420322
10/13/2020,11666.2117003214
10/14/2020,11443.7327918222
10/15/2020,11395.54736637
10/16/2020,11504.5490067109
10/17/2020,11355.1604394509
10/18/2020,11358.7063796297
10/19/2020,11471.002547787
10/20/2020,11776.5929973295
10/21/2020,11936.3629133377
10/22/2020,13102.9344615485
10/23/2020,13140.669284056
10/24/2020,12933.8235654933
10/25/2020,13081.6725594906
10/26/2020,13008.4532577537
10/27/2020,13033.5242700816
10/28/2020,13721.2822248459
10/29/2020,13282.2603479223
10/30/2020,13467.7317828145
10/31/2020,13573.7105031536
11/1/2020,13891.2168331626
11/2/2020,13730.1973109361
11/3/2020,13633.6982168925
11/4/2020,13832.9384097683
11/5/2020,14163.9768155039
11/6/2020,15424.527676687
11/7/2020,15540.5965908122
11/8/2020,14783.9816785334
11/9/2020,15500.3342547421
11/10/2020,15283.7801387338
11/11/2020,15374.0443857602
11/12/2020,15820.4952410758
11/13/2020,16253.3102719418
11/14/2020,16347.0449203531
11/15/2020,15991.833024404
11/16/2020,15918.0801281116
11/17/2020,16752.0029899638
11/18/2020,17593.4864149334
11/19/2020,17834.6365337098
11/20/2020,17954.8580090953
11/21/2020,18612.870672181
11/22/2020,18591.8566047532
11/23/2020,18629.995537256
11/24/2020,18469.2004694785
11/25/2020,19045.7364656531
11/26/2020,18746.9348067039
11/27/2020,17187.4062763281
11/28/2020,17023.9614000906
11/29/2020,17814.7802784355
11/30/2020,18114.4143492772
12/1/2020,19382.3605858664
12/2/2020,18980.9774501247
12/3/2020,19184.8978477411
12/4/2020,19464.5317045601
12/5/2020,18813.1247602864
12/6/2020,19045.0202725986
12/7/2020,19113.9333950879
12/8/2020,19107.5997953098
12/9/2020,18682.4578332067
12/10/2020,18543.0070492215
12/11/2020,18359.4766003421
12/12/2020,18137.3193746116
12/13/2020,18882.2601710641
12/14/2020,19060.2769012786
12/15/2020,19251.2240047093
12/16/2020,19443.4763528278
12/17/2020,21310.6562622307
12/18/2020,22895.9762375501
12/19/2020,23008.7762567449
12/20/2020,23890.8226488694
12/21/2020,23537.3698908908
12/22/2020,23177.2709979948
12/23/2020,23433.9807581397
12/24/2020,23224.4541378534
12/25/2020,23623.8855332302
12/26/2020,24581.0061712681
12/27/2020,26381.2962329223
12/28/2020,26389.2902649448
12/29/2020,26718.0294634041
12/30/2020,26975.7295645207
12/31/2020,28768.8362075267
1/1/2021,29111.5215671239
1/2/2021,29333.6051206224
1/3/2021,32154.1673632745
1/4/2021,33002.5364270397
1/5/2021,31431.6122797216
1/6/2021,34433.6065138377
1/7/2021,36275.7563476709
1/8/2021,39713.5078567171
1/9/2021,40519.4485975339
1/10/2021,40258.923988658
1/11/2021,38709.7653748751
1/12/2021,34409.6423752223
1/13/2021,34214.6102620504
1/14/2021,37017.0075034547
1/15/2021,38435.8635146613
1/16/2021,36751.5849736892
1/17/2021,36016.7796059422
1/18/2021,36375.8113792618
1/19/2021,36346.6095022257
1/20/2021,36577.5196463886
1/21/2021,35004.5326268831
1/22/2021,30606.1826756533
1/23/2021,33368.3659318948
1/24/2021,32070.0974252022
1/25/2021,32285.726132437
1/26/2021,32500.2559626891
1/27/2021,32324.5556507343
1/28/2021,30534.9993730199
1/29/2021,33408.2183373915
1/30/2021,34842.5573931247
1/31/2021,34622.3732315285
2/1/2021,33087.3698645166
2/2/2021,33613.320764309
2/3/2021,35632.9019515192
2/4/2021,37397.426364087
2/5/2021,37256.2521108726
2/6/2021,37851.5965900821
2/7/2021,40302.7997928393
2/8/2021,38461.6814033048
2/9/2021,44716.6854690563
2/10/2021,46674.851688109
2/11/2021,45237.475689253
2/12/2021,47500.8975242038
2/13/2021,47884.1828622953
2/14/2021,47005.1906488965
2/15/2021,49151.167576322
2/16/2021,48125.9921954072
2/17/2021,48840.4144745814
2/18/2021,52165.3025552208
2/19/2021,51728.5087967282
2/20/2021,55719.2043616996
2/21/2021,54801.6486439949
2/22/2021,57128.6426064698
2/23/2021,54181.9146491937
2/24/2021,48172.8774769266
2/25/2021,48745.4329843392
2/26/2021,48291.4120833455
2/27/2021,45752.1149194059
2/28/2021,46642.6060765784
3/1/2021,45092.8065726007
3/2/2021,49248.914013312
3/3/2021,47900.7768783279
3/4/2021,50811.855174443
3/5/2021,48259.4870766621
3/6/2021,49149.7308288371
3/7/2021,48879.1519041557
3/8/2021,50594.6985745107
3/9/2021,51503.2581321815
3/10/2021,54458.0378114244
3/11/2021,56915.1739350527
3/12/2021,57636.7579619661
3/13/2021,57306.166262989
3/14/2021,60743.0418249111
3/15/2021,60197.9019918003
3/16/2021,56300.3341086303
3/17/2021,56639.7839496711
3/18/2021,58567.2837810578
3/19/2021,57983.094743574
3/20/2021,58451.7314659458
3/21/2021,58593.6024540601
3/22/2021,57796.4673712199
3/23/2021,54329.3586346314
3/24/2021,54794.2977137099
3/25/2021,52787.7455257516
3/26/2021,52173.8679802456
3/27/2021,54483.0457323
3/28/2021,56234.3561050027
3/29/2021,55343.9258153269
3/30/2021,57627.6792491031
3/31/2021,58734.4754337222
4/1/2021,58724.6645166272
4/2/2021,58984.6129299288
4/3/2021,58821.6269944414
4/4/2021,57517.7987731414
4/5/2021,58177.4027637323
4/6/2021,58843.5595402095
4/7/2021,58040.1876018833
4/8/2021,56508.9428638801
4/9/2021,57880.9056838598
4/10/2021,58171.9090187021
4/11/2021,59295.950044014
4/12/2021,59822.9016774304
4/13/2021,59853.1972422704
4/14/2021,63223.8843907858
4/15/2021,62926.5571759009
4/16/2021,63346.7890351052
4/17/2021,61965.7825980957
4/18/2021,60574.4447282273
4/19/2021,56850.8301656893
4/20/2021,56224.1015877117
4/21/2021,56608.7697483925
4/22/2021,54144.4274760563
4/23/2021,51965.0595594061
4/24/2021,50669.1443821756
4/25/2021,50733.7695036374
4/26/2021,48542.9522029844
4/27/2021,53558.7078446195
4/28/2021,55123.8619814166
4/29/2021,54591.5153255436
4/30/2021,53260.2953411529
5/1/2021,57302.6464240813
5/2/2021,57677.9752218988
5/3/2021,56427.0431250152
5/4/2021,57255.3068375553
5/5/2021,53658.8431208163
5/6/2021,57252.7021845011
5/7/2021,56583.8498791665
5/8/2021,57107.1206718864
5/9/2021,58788.2096789273
5/10/2021,58102.1914262342
5/11/2021,55715.5466512869
5/12/2021,56573.5554719043
5/13/2021,52147.8211869823
5/14/2021,49764.1320815975
5/15/2021,50032.6931367648
5/16/2021,47885.6252547166
5/17/2021,45604.6157536131
5/18/2021,43144.4712908603